@BOOK{GriffithsQM:1995,
    author  = {D.~Griffiths},
    title   = {Introduction to {Q}uantum {M}echanics},
    year    = {1995},
}

@BOOK{GriffithsEM:1999,
    author  = {D.~Griffiths},
    title   = {Introduction to {E}lectrodynamics},
    year    = {1999},
}

@MISC{Lorentz,
    author  = {Wikipedia},
    title   = {Lorentz transformation},
    year    = {2013},
    note    = {\\ https://en.wikipedia.org/wiki/Lorentz\_transformation},
}
